@article{oldtownroad,
  title={Old Town Road to Success: How Music Becomes Popular on Spotify},
  author={Hellinga, Tamar and Sijtsma, Rimmert}
}

@article{obama2009remarks,
  title={Remarks by President Barack Obama at Suntory Hall},
  author={Obama, Barack},
  journal={The White House Office of the Press Secretary},
  volume={14},
  year={2009}
}

@book{biden2007promises,
  title={Promises to keep: on life and politics},
  author={Biden, Joe},
  year={2007},
  publisher={Random House}
}

@book{trump2009trump,
  title={Trump: The art of the deal},
  author={Trump, Donald J and Schwartz, Tony},
  year={2009},
  publisher={Ballantine Books}
}